%YAML 1.1
%TAG !u! tag:unity3d.com,2011:
--- !u!95 &4284156018283367428
Animator:
  serializedVersion: 3
  m_ObjectHideFlags: 0
  m_CorrespondingSourceObject: {fileID: 0}
  m_PrefabInstance: {fileID: 0}
  m_PrefabAsset: {fileID: 0}
  m_GameObject: {fileID: 7543741958066831659}
  m_Enabled: 1
  m_Avatar: {fileID: 0}
  m_Controller: {fileID: 0}
  m_CullingMode: 0
  m_UpdateMode: 0
  m_ApplyRootMotion: 0
  m_LinearVelocityBlending: 0
  m_WarningMessage: 
  m_HasTransformHierarchy: 1
  m_AllowConstantClipSamplingOptimization: 1
  m_KeepAnimatorControllerStateOnDisable: 0
--- !u!95 &1191097893233631257
Animator:
  serializedVersion: 3
  m_ObjectHideFlags: 0
  m_CorrespondingSourceObject: {fileID: 0}
  m_PrefabInstance: {fileID: 0}
  m_PrefabAsset: {fileID: 0}
  m_GameObject: {fileID: 618356730477460697}
  m_Enabled: 1
  m_Avatar: {fileID: 0}
  m_Controller: {fileID: 0}
  m_CullingMode: 0
  m_UpdateMode: 0
  m_ApplyRootMotion: 0
  m_LinearVelocityBlending: 0
  m_WarningMessage: 
  m_HasTransformHierarchy: 1
  m_AllowConstantClipSamplingOptimization: 1
  m_KeepAnimatorControllerStateOnDisable: 0
--- !u!95 &4523012843448859725
Animator:
  serializedVersion: 3
  m_ObjectHideFlags: 0
  m_CorrespondingSourceObject: {fileID: 0}
  m_PrefabInstance: {fileID: 0}
  m_PrefabAsset: {fileID: 0}
  m_GameObject: {fileID: 811945582869142873}
  m_Enabled: 1
  m_Avatar: {fileID: 0}
  m_Controller: {fileID: 0}
  m_CullingMode: 0
  m_UpdateMode: 0
  m_ApplyRootMotion: 0
  m_LinearVelocityBlending: 0
  m_WarningMessage: 
  m_HasTransformHierarchy: 1
  m_AllowConstantClipSamplingOptimization: 1
  m_KeepAnimatorControllerStateOnDisable: 0
--- !u!1 &8453574152223217580
GameObject:
  m_ObjectHideFlags: 0
  m_CorrespondingSourceObject: {fileID: 0}
  m_PrefabInstance: {fileID: 0}
  m_PrefabAsset: {fileID: 0}
  serializedVersion: 6
  m_Component:
  - component: {fileID: 4591636841320596895}
  - component: {fileID: 5523820458487496318}
  m_Layer: 0
  m_Name: Wave 2
  m_TagString: Untagged
  m_Icon: {fileID: 0}
  m_NavMeshLayer: 0
  m_StaticEditorFlags: 0
  m_IsActive: 1
--- !u!4 &4591636841320596895
Transform:
  m_ObjectHideFlags: 0
  m_CorrespondingSourceObject: {fileID: 0}
  m_PrefabInstance: {fileID: 0}
  m_PrefabAsset: {fileID: 0}
  m_GameObject: {fileID: 8453574152223217580}
  m_LocalRotation: {x: 0, y: 0, z: 0, w: 1}
  m_LocalPosition: {x: 0, y: 0, z: 0}
  m_LocalScale: {x: 1, y: 1, z: 1}
  m_Children:
  - {fileID: 815177917641145115}
  - {fileID: 620700455424263801}
  - {fileID: 7546612537347258537}
  m_Father: {fileID: 0}
  m_RootOrder: 0
  m_LocalEulerAnglesHint: {x: 0, y: 0, z: 0}
--- !u!320 &5523820458487496318
PlayableDirector:
  m_ObjectHideFlags: 0
  m_CorrespondingSourceObject: {fileID: 0}
  m_PrefabInstance: {fileID: 0}
  m_PrefabAsset: {fileID: 0}
  m_GameObject: {fileID: 8453574152223217580}
  m_Enabled: 1
  serializedVersion: 3
  m_PlayableAsset: {fileID: 11400000, guid: d80dbdcbf84390a49bcdcb407f4d593b, type: 2}
  m_InitialState: 1
  m_WrapMode: 2
  m_DirectorUpdateMode: 1
  m_InitialTime: 0
  m_SceneBindings:
  - key: {fileID: -938855889048254288, guid: d80dbdcbf84390a49bcdcb407f4d593b, type: 2}
    value: {fileID: 4523012843448859725}
  - key: {fileID: 7905276154026608731, guid: d80dbdcbf84390a49bcdcb407f4d593b, type: 2}
    value: {fileID: 1191097893233631257}
  - key: {fileID: 7302561962771979902, guid: d80dbdcbf84390a49bcdcb407f4d593b, type: 2}
    value: {fileID: 4284156018283367428}
  m_ExposedReferences:
    m_References: []
--- !u!1001 &3625571244769868459
PrefabInstance:
  m_ObjectHideFlags: 0
  serializedVersion: 2
  m_Modification:
    m_TransformParent: {fileID: 4591636841320596895}
    m_Modifications:
    - target: {fileID: 6548335568116808576, guid: 0ca454492b27a2c408662a7be7959f5f, type: 3}
      propertyPath: m_Name
      value: StarSparrow11
      objectReference: {fileID: 0}
    - target: {fileID: 6551164919746085378, guid: 0ca454492b27a2c408662a7be7959f5f, type: 3}
      propertyPath: m_RootOrder
      value: 2
      objectReference: {fileID: 0}
    - target: {fileID: 6551164919746085378, guid: 0ca454492b27a2c408662a7be7959f5f, type: 3}
      propertyPath: m_LocalPosition.x
      value: 235.45583
      objectReference: {fileID: 0}
    - target: {fileID: 6551164919746085378, guid: 0ca454492b27a2c408662a7be7959f5f, type: 3}
      propertyPath: m_LocalPosition.y
      value: 41.67015
      objectReference: {fileID: 0}
    - target: {fileID: 6551164919746085378, guid: 0ca454492b27a2c408662a7be7959f5f, type: 3}
      propertyPath: m_LocalPosition.z
      value: 236.9
      objectReference: {fileID: 0}
    - target: {fileID: 6551164919746085378, guid: 0ca454492b27a2c408662a7be7959f5f, type: 3}
      propertyPath: m_LocalRotation.w
      value: 1
      objectReference: {fileID: 0}
    - target: {fileID: 6551164919746085378, guid: 0ca454492b27a2c408662a7be7959f5f, type: 3}
      propertyPath: m_LocalRotation.x
      value: 0
      objectReference: {fileID: 0}
    - target: {fileID: 6551164919746085378, guid: 0ca454492b27a2c408662a7be7959f5f, type: 3}
      propertyPath: m_LocalRotation.y
      value: 0
      objectReference: {fileID: 0}
    - target: {fileID: 6551164919746085378, guid: 0ca454492b27a2c408662a7be7959f5f, type: 3}
      propertyPath: m_LocalRotation.z
      value: 0
      objectReference: {fileID: 0}
    - target: {fileID: 6551164919746085378, guid: 0ca454492b27a2c408662a7be7959f5f, type: 3}
      propertyPath: m_LocalEulerAnglesHint.x
      value: 0
      objectReference: {fileID: 0}
    - target: {fileID: 6551164919746085378, guid: 0ca454492b27a2c408662a7be7959f5f, type: 3}
      propertyPath: m_LocalEulerAnglesHint.y
      value: 0
      objectReference: {fileID: 0}
    - target: {fileID: 6551164919746085378, guid: 0ca454492b27a2c408662a7be7959f5f, type: 3}
      propertyPath: m_LocalEulerAnglesHint.z
      value: 0
      objectReference: {fileID: 0}
    m_RemovedComponents: []
  m_SourcePrefab: {fileID: 100100000, guid: 0ca454492b27a2c408662a7be7959f5f, type: 3}
--- !u!1 &7543741958066831659 stripped
GameObject:
  m_CorrespondingSourceObject: {fileID: 6548335568116808576, guid: 0ca454492b27a2c408662a7be7959f5f, type: 3}
  m_PrefabInstance: {fileID: 3625571244769868459}
  m_PrefabAsset: {fileID: 0}
--- !u!4 &7546612537347258537 stripped
Transform:
  m_CorrespondingSourceObject: {fileID: 6551164919746085378, guid: 0ca454492b27a2c408662a7be7959f5f, type: 3}
  m_PrefabInstance: {fileID: 3625571244769868459}
  m_PrefabAsset: {fileID: 0}
--- !u!1001 &7544303188073634965
PrefabInstance:
  m_ObjectHideFlags: 0
  serializedVersion: 2
  m_Modification:
    m_TransformParent: {fileID: 4591636841320596895}
    m_Modifications:
    - target: {fileID: 6928339342791106636, guid: 80f296b5a7b6124469b9e2d043cec956, type: 3}
      propertyPath: m_Name
      value: StarSparrow7
      objectReference: {fileID: 0}
    - target: {fileID: 6930921086775548652, guid: 80f296b5a7b6124469b9e2d043cec956, type: 3}
      propertyPath: m_RootOrder
      value: 1
      objectReference: {fileID: 0}
    - target: {fileID: 6930921086775548652, guid: 80f296b5a7b6124469b9e2d043cec956, type: 3}
      propertyPath: m_LocalPosition.x
      value: 254.93292
      objectReference: {fileID: 0}
    - target: {fileID: 6930921086775548652, guid: 80f296b5a7b6124469b9e2d043cec956, type: 3}
      propertyPath: m_LocalPosition.y
      value: 59.021637
      objectReference: {fileID: 0}
    - target: {fileID: 6930921086775548652, guid: 80f296b5a7b6124469b9e2d043cec956, type: 3}
      propertyPath: m_LocalPosition.z
      value: 250.2
      objectReference: {fileID: 0}
    - target: {fileID: 6930921086775548652, guid: 80f296b5a7b6124469b9e2d043cec956, type: 3}
      propertyPath: m_LocalRotation.w
      value: 1
      objectReference: {fileID: 0}
    - target: {fileID: 6930921086775548652, guid: 80f296b5a7b6124469b9e2d043cec956, type: 3}
      propertyPath: m_LocalRotation.x
      value: 0
      objectReference: {fileID: 0}
    - target: {fileID: 6930921086775548652, guid: 80f296b5a7b6124469b9e2d043cec956, type: 3}
      propertyPath: m_LocalRotation.y
      value: 0
      objectReference: {fileID: 0}
    - target: {fileID: 6930921086775548652, guid: 80f296b5a7b6124469b9e2d043cec956, type: 3}
      propertyPath: m_LocalRotation.z
      value: 0
      objectReference: {fileID: 0}
    - target: {fileID: 6930921086775548652, guid: 80f296b5a7b6124469b9e2d043cec956, type: 3}
      propertyPath: m_LocalEulerAnglesHint.x
      value: 0
      objectReference: {fileID: 0}
    - target: {fileID: 6930921086775548652, guid: 80f296b5a7b6124469b9e2d043cec956, type: 3}
      propertyPath: m_LocalEulerAnglesHint.y
      value: 0
      objectReference: {fileID: 0}
    - target: {fileID: 6930921086775548652, guid: 80f296b5a7b6124469b9e2d043cec956, type: 3}
      propertyPath: m_LocalEulerAnglesHint.z
      value: 0
      objectReference: {fileID: 0}
    m_RemovedComponents: []
  m_SourcePrefab: {fileID: 100100000, guid: 80f296b5a7b6124469b9e2d043cec956, type: 3}
--- !u!1 &618356730477460697 stripped
GameObject:
  m_CorrespondingSourceObject: {fileID: 6928339342791106636, guid: 80f296b5a7b6124469b9e2d043cec956, type: 3}
  m_PrefabInstance: {fileID: 7544303188073634965}
  m_PrefabAsset: {fileID: 0}
--- !u!4 &620700455424263801 stripped
Transform:
  m_CorrespondingSourceObject: {fileID: 6930921086775548652, guid: 80f296b5a7b6124469b9e2d043cec956, type: 3}
  m_PrefabInstance: {fileID: 7544303188073634965}
  m_PrefabAsset: {fileID: 0}
--- !u!1001 &8313221540469803996
PrefabInstance:
  m_ObjectHideFlags: 0
  serializedVersion: 2
  m_Modification:
    m_TransformParent: {fileID: 4591636841320596895}
    m_Modifications:
    - target: {fileID: 8650967440314478791, guid: ae6770b98fbe3654c858be59df2870b2, type: 3}
      propertyPath: m_RootOrder
      value: 0
      objectReference: {fileID: 0}
    - target: {fileID: 8650967440314478791, guid: ae6770b98fbe3654c858be59df2870b2, type: 3}
      propertyPath: m_LocalPosition.x
      value: 245.7
      objectReference: {fileID: 0}
    - target: {fileID: 8650967440314478791, guid: ae6770b98fbe3654c858be59df2870b2, type: 3}
      propertyPath: m_LocalPosition.y
      value: 53.237595
      objectReference: {fileID: 0}
    - target: {fileID: 8650967440314478791, guid: ae6770b98fbe3654c858be59df2870b2, type: 3}
      propertyPath: m_LocalPosition.z
      value: 271.7
      objectReference: {fileID: 0}
    - target: {fileID: 8650967440314478791, guid: ae6770b98fbe3654c858be59df2870b2, type: 3}
      propertyPath: m_LocalRotation.w
      value: 1
      objectReference: {fileID: 0}
    - target: {fileID: 8650967440314478791, guid: ae6770b98fbe3654c858be59df2870b2, type: 3}
      propertyPath: m_LocalRotation.x
      value: 0.000000021855694
      objectReference: {fileID: 0}
    - target: {fileID: 8650967440314478791, guid: ae6770b98fbe3654c858be59df2870b2, type: 3}
      propertyPath: m_LocalRotation.y
      value: 0
      objectReference: {fileID: 0}
    - target: {fileID: 8650967440314478791, guid: ae6770b98fbe3654c858be59df2870b2, type: 3}
      propertyPath: m_LocalRotation.z
      value: 0
      objectReference: {fileID: 0}
    - target: {fileID: 8650967440314478791, guid: ae6770b98fbe3654c858be59df2870b2, type: 3}
      propertyPath: m_LocalEulerAnglesHint.x
      value: 0
      objectReference: {fileID: 0}
    - target: {fileID: 8650967440314478791, guid: ae6770b98fbe3654c858be59df2870b2, type: 3}
      propertyPath: m_LocalEulerAnglesHint.y
      value: 0
      objectReference: {fileID: 0}
    - target: {fileID: 8650967440314478791, guid: ae6770b98fbe3654c858be59df2870b2, type: 3}
      propertyPath: m_LocalEulerAnglesHint.z
      value: 0
      objectReference: {fileID: 0}
    - target: {fileID: 8654478976947377797, guid: ae6770b98fbe3654c858be59df2870b2, type: 3}
      propertyPath: m_Name
      value: StarSparrow10
      objectReference: {fileID: 0}
    m_RemovedComponents: []
  m_SourcePrefab: {fileID: 100100000, guid: ae6770b98fbe3654c858be59df2870b2, type: 3}
--- !u!1 &811945582869142873 stripped
GameObject:
  m_CorrespondingSourceObject: {fileID: 8654478976947377797, guid: ae6770b98fbe3654c858be59df2870b2, type: 3}
  m_PrefabInstance: {fileID: 8313221540469803996}
  m_PrefabAsset: {fileID: 0}
--- !u!4 &815177917641145115 stripped
Transform:
  m_CorrespondingSourceObject: {fileID: 8650967440314478791, guid: ae6770b98fbe3654c858be59df2870b2, type: 3}
  m_PrefabInstance: {fileID: 8313221540469803996}
  m_PrefabAsset: {fileID: 0}
